<?xml version="1.0" encoding="UTF-8"?><collection xmlns="http://www.loc.gov/MARC21/slim"><record><leader>00549nam--2200193-i-4500</leader><controlfield tag="001">000022244</controlfield><controlfield tag="002">20161230</controlfield><controlfield tag="005">20161230201034</controlfield><controlfield tag="008">060222s1000------------r-----000-0-eng-d</controlfield><datafield ind1=" " ind2=" " tag="040"><subfield code="a">IFIN-HH</subfield></datafield><datafield ind1=" " ind2=" " tag="080"><subfield code="a">539.2:621.385</subfield></datafield><datafield ind1="1" ind2=" " tag="100"><subfield code="a">Harris, D.J</subfield></datafield><datafield ind1="1" ind2="0" tag="245"><subfield code="a">Vacuum und solid state electronics</subfield><subfield code="b">An introductory course</subfield><subfield code="c">D.j. harris, p.n. robson</subfield></datafield><datafield ind1=" " ind2=" " tag="260"><subfield code="a">Oxford</subfield><subfield code="b">Pergamon Press</subfield><subfield code="c">1963</subfield></datafield><datafield ind1=" " ind2=" " tag="300"><subfield code="a">IX + 254 P</subfield></datafield><datafield ind1=" " ind2=" " tag="490"><subfield code="a">Electrical Engineering Division</subfield></datafield><datafield ind1="1" ind2=" " tag="700"><subfield code="a">Robson, P.N</subfield></datafield><datafield ind1=" " ind2=" " tag="852"><subfield code="a">19235</subfield><subfield code="c">537.533</subfield></datafield><datafield ind1=" " ind2=" " tag="CAT"><subfield code="a">Sys</subfield><subfield code="c">20110829</subfield><subfield code="h">145013</subfield></datafield></record></collection>